@article{ho1998random,
  title={The random subspace method for constructing decision forests},
  author={Ho, Tin Kam},
  journal={IEEE transactions on pattern analysis and machine intelligence},
  volume={20},
  number={8},
  pages={832--844},
  year={1998},
  publisher={IEEE}
}

@article{li2009weighted,
  title={Weighted random subspace method for high dimensional data classification},
  author={Li, Xiaoye and Zhao, Hongyu},
  journal={Statistics and its Interface},
  volume={2},
  number={2},
  pages={153},
  year={2009},
  publisher={NIH Public Access}
}

@article{shlien1990multiple,
  title={Multiple binary decision tree classifiers},
  author={Shlien, Seymour},
  journal={Pattern Recognition},
  volume={23},
  number={7},
  pages={757--763},
  year={1990},
  publisher={Elsevier}
}

@article{shlien1992nonparametric,
  title={Nonparametric classification using matched binary decision trees},
  author={Shlien, Seymour},
  journal={Pattern Recognition Letters},
  volume={13},
  number={2},
  pages={83--87},
  year={1992},
  publisher={Elsevier}
}
